<record><leader>00000cas a22000007a 4500</leader><controlfield tag="001">10773775</controlfield><controlfield tag="008">840525d18651907njudn ne      0    0eng  </controlfield><datafield ind1=" " ind2=" " tag="010"><subfield code="a">sn 84020437 </subfield></datafield><datafield ind1=" " ind2=" " tag="040"><subfield code="a">DLC</subfield><subfield code="b">eng</subfield><subfield code="c">DLC</subfield><subfield code="d">NPX</subfield><subfield code="d">NJW</subfield><subfield code="d">DLC</subfield><subfield code="d">OCLCQ</subfield></datafield><datafield ind1=" " ind2=" " tag="042"><subfield code="a">msc</subfield></datafield><datafield ind1="0" ind2="0" tag="050"><subfield code="a">Newspaper</subfield></datafield><datafield ind1="0" ind2="0" tag="245"><subfield code="a">Cape May daily wave.</subfield></datafield><datafield ind1=" " ind2=" " tag="260"><subfield code="a">Cape May, N.J. :</subfield><subfield code="b">C.S. Magrath</subfield></datafield><datafield ind1=" " ind2=" " tag="300"><subfield code="a">v. ;</subfield><subfield code="c">68 cm.</subfield></datafield><datafield ind1=" " ind2=" " tag="310"><subfield code="a">Daily (except Sun.)</subfield></datafield><datafield ind1="1" ind2=" " tag="362"><subfield code="a">Began in July 1865; ceased in 1907.</subfield><subfield code="z">Cf. Direct. of N.J. newspapers, 1765-1970.</subfield></datafield><datafield ind1=" " ind2=" " tag="500"><subfield code="a">Published during July and Aug., 1865-&lt;1904&gt;; the entire summer, &lt;1905&gt;-1907.</subfield></datafield><datafield ind1=" " ind2=" " tag="500"><subfield code="a">Independent. Cf. Ayer, 1907.</subfield></datafield><datafield ind1=" " ind2=" " tag="530"><subfield code="a">Also issued on microfilm as part of the Civil War newspapers collection.</subfield></datafield><datafield ind1=" " ind2=" " tag="580"><subfield code="a">Weekly eds.: Cape May ocean wave; Cape May wave.</subfield></datafield><datafield ind1=" " ind2=" " tag="588"><subfield code="a">Description based on: Vol. 16, no. 40 (Aug. 16, 1880).</subfield></datafield><datafield ind1=" " ind2=" " tag="752"><subfield code="a">United States</subfield><subfield code="b">New Jersey</subfield><subfield code="c">Cape May</subfield><subfield code="d">Cape May.</subfield></datafield><datafield ind1="1" ind2=" " tag="775"><subfield code="t">Cape May ocean wave</subfield><subfield code="w">(DLC)sn 83032164</subfield></datafield><datafield ind1="1" ind2=" " tag="775"><subfield code="t">Cape May wave</subfield><subfield code="w">(DLC)sn 84038681</subfield></datafield><datafield ind1="0" ind2="0" tag="785"><subfield code="t">Cape May star and wave</subfield></datafield><datafield ind1="1" ind2=" " tag="029"><subfield code="a">AU@</subfield><subfield code="b">000026221798</subfield></datafield></record>